<record><leader>00000cas a2200000 a 4500</leader><controlfield tag="001">11986563</controlfield><controlfield tag="008">850501d19261961iludn ne      0   a0eng c</controlfield><datafield ind1=" " ind2=" " tag="010"><subfield code="a">sn 85033473 </subfield></datafield><datafield ind1=" " ind2=" " tag="040"><subfield code="a">NPU</subfield><subfield code="b">eng</subfield><subfield code="c">NPU</subfield><subfield code="d">NVF</subfield><subfield code="d">OCLCQ</subfield><subfield code="d">NVF</subfield><subfield code="d">OCLCQ</subfield><subfield code="d">NVF</subfield><subfield code="d">OCLCF</subfield><subfield code="d">OCLCO</subfield></datafield><datafield ind1="1" ind2=" " tag="029"><subfield code="a">AU@</subfield><subfield code="b">000020379084</subfield></datafield><datafield ind1=" " ind2=" " tag="042"><subfield code="a">pcc</subfield></datafield><datafield ind1=" " ind2=" " tag="043"><subfield code="a">n-us-il</subfield></datafield><datafield ind1="0" ind2="0" tag="245"><subfield code="a">Canton daily ledger and daily register.</subfield></datafield><datafield ind1="1" ind2="3" tag="246"><subfield code="a">Canton daily ledger and register</subfield></datafield><datafield ind1="1" ind2="3" tag="246"><subfield code="a">Canton ledger and register</subfield></datafield><datafield ind1="1" ind2="7" tag="246"><subfield code="a">Canton daily ledger</subfield><subfield code="f">June 4, 1926-1961</subfield></datafield><datafield ind1=" " ind2=" " tag="260"><subfield code="a">Canton, Ill. :</subfield><subfield code="b">Canton Ledger Co.,</subfield><subfield code="c">1926-1961.</subfield></datafield><datafield ind1=" " ind2=" " tag="300"><subfield code="a">v.</subfield></datafield><datafield ind1=" " ind2=" " tag="310"><subfield code="a">Daily (except Sunday)</subfield></datafield><datafield ind1="0" ind2=" " tag="362"><subfield code="a">Vol. 14, no. 203 (June 1, 1926)-v. 50, no. 10 (Oct. 12, 1961).</subfield></datafield><datafield ind1=" " ind2=" " tag="580"><subfield code="a">Formed by the union of: Canton daily ledger (Canton, Ill. : 1912), and: Canton daily register.</subfield></datafield><datafield ind1=" " ind2="0" tag="651"><subfield code="a">Canton (Ill.)</subfield><subfield code="v">Newspapers.</subfield></datafield><datafield ind1=" " ind2="7" tag="655"><subfield code="a">Newspapers.</subfield><subfield code="2">fast</subfield><subfield code="0">(OCoLC)fst01423814</subfield></datafield><datafield ind1=" " ind2="7" tag="651"><subfield code="a">Illinois</subfield><subfield code="z">Canton.</subfield><subfield code="2">fast</subfield><subfield code="0">(OCoLC)fst01232869</subfield></datafield><datafield ind1=" " ind2=" " tag="752"><subfield code="a">United States</subfield><subfield code="b">Illinois</subfield><subfield code="c">Fulton</subfield><subfield code="d">Canton.</subfield></datafield><datafield ind1="1" ind2="4" tag="780"><subfield code="t">Canton daily ledger (Canton, Ill. : 1912)</subfield><subfield code="w">(DLC)sn 87082572</subfield><subfield code="w">(OCoLC)15528989</subfield></datafield><datafield ind1="1" ind2="4" tag="780"><subfield code="t">Canton daily register</subfield><subfield code="w">(DLC)sn 93055724</subfield><subfield code="w">(OCoLC)28364525</subfield></datafield><datafield ind1="0" ind2="0" tag="785"><subfield code="t">Canton daily ledger (Canton, Ill. : 1961)</subfield><subfield code="w">(DLC)sn 93055725</subfield><subfield code="w">(OCoLC)28365170</subfield></datafield></record>